@article{LOCATA,
  title = {The LOCATA challenge: Acoustic source localization and tracking},
  author = {Evers, Christine and L{\"o}llmann, Heinrich W and Mellmann, Heinrich
            and Schmidt, Alexander and Barfuss, Hendrik and Naylor, Patrick A and
            Kellermann, Walter},
  journal = {IEEE/ACM Transactions on Audio, Speech, and Language Processing},
  volume = {28},
  pages = {1620--1643},
  year = {2020},
  publisher = {IEEE},
}

@article{SSLsurvey,
  title = {A survey of sound source localization with deep learning methods},
  author = {Grumiaux, Pierre-Amaury and Kiti{\'c}, Sr{\dj}an and Girin, Laurent
            and Gu{\'e}rin, Alexandre},
  journal = {The Journal of the Acoustical Society of America},
  volume = {152},
  number = {1},
  pages = {107--151},
  year = {2022},
  publisher = {Acoustical Society of America},
}

@inproceedings{fang2021joint,
  title = {Joint Reduction of Ego-noise and Environmental Noise with a
           Partially-adaptive Dictionary},
  author = {Fang, Huajian and Carbajal, Guillaume and Wermter, Stefan and
            Gerkmann, Timo},
  booktitle = {Speech Communication; 14th ITG Conference},
  pages = {1--5},
  year = {2021},
  organization = {VDE},
}

@inproceedings{fang2023part,
  title = {Partially Adaptive Multichannel Joint Reduction of Ego-noise and
           Environmental Noise},
  author = {Fang, Huajian and Wittmer, Niklas and Twiefel, Johannes and Wermter,
            Stefan and Gerkmann, Timo},
}
